<record><leader>00000cas a22000007a 4500</leader><controlfield tag="001">12717077</controlfield><controlfield tag="008">851025d19541965wiuwr ne      0    0eng d</controlfield><datafield ind1=" " ind2=" " tag="010"><subfield code="a">sn 85041284 </subfield></datafield><datafield ind1=" " ind2=" " tag="040"><subfield code="a">NPV</subfield><subfield code="b">eng</subfield><subfield code="c">NPV</subfield><subfield code="d">OCLCQ</subfield></datafield><datafield ind1=" " ind2=" " tag="042"><subfield code="a">msc</subfield></datafield><datafield ind1=" " ind2=" " tag="045"><subfield code="a">x5x6</subfield></datafield><datafield ind1=" " ind2=" " tag="052"><subfield code="a">4123</subfield><subfield code="b">M3</subfield></datafield><datafield ind1="0" ind2="4" tag="245"><subfield code="a">The Edgar weekly review.</subfield></datafield><datafield ind1=" " ind2=" " tag="260"><subfield code="a">Edgar, Wis. :</subfield><subfield code="b">[s.n.],</subfield><subfield code="c">1954-1965.</subfield></datafield><datafield ind1=" " ind2=" " tag="300"><subfield code="a">v.</subfield></datafield><datafield ind1=" " ind2=" " tag="310"><subfield code="a">Weekly</subfield></datafield><datafield ind1="0" ind2=" " tag="362"><subfield code="a">Vol. 1, no. 1 (July 1, 1954)-v. 11, no. 32 (Jan. 28, 1965).</subfield></datafield><datafield ind1=" " ind2=" " tag="500"><subfield code="a">Editors: W.J. Willner, Aug. 26, 1954-Dec. 27, 1962; L.J. Janda, Jan 3, 1963-Jan. 28, 1965.</subfield></datafield><datafield ind1=" " ind2=" " tag="525"><subfield code="a">Supplements accompany some issues.</subfield></datafield><datafield ind1=" " ind2=" " tag="530"><subfield code="a">Available on microfilm from the State Historical Society of Wisconsin.</subfield></datafield><datafield ind1=" " ind2=" " tag="752"><subfield code="a">United States</subfield><subfield code="b">Wisconsin</subfield><subfield code="c">Marathon</subfield><subfield code="d">Edgar.</subfield></datafield><datafield ind1="0" ind2="0" tag="785"><subfield code="t">Record review</subfield></datafield><datafield ind1="1" ind2=" " tag="029"><subfield code="a">AU@</subfield><subfield code="b">000025812530</subfield></datafield></record>